@book{an2015,
	title={Giáo trình đại số tuyến tính},
	author={Trần Hồng An},
	publisher={Trường Dại học Công Nghệ Thông Tin}
	year={2015},
}

@book{hieu2019,
	title={Bài giảng đại số tuyến tính},
	author={Lê Thanh Hiếu},
	publisher={Tài liệu lưu hành nội bộ}
	year={2019},
}

@book{hung2000,
	title={Giáo trình đại số tuyến tính 1,2},
	author={Nguyễn Hữu Việt Hưng},
	publisher={Nhà xuất bản Đại học Quốc gia Hà Nội},
	year={2000},
}

@mastersthesis{linh2016,
	title={Phân tích giá trị kì dị và một số ứng dụng},
	author={Nguyễn Trần Nhật Linh},
	school={Đại Học Quy Nhơn},  %replace with the actual university name
	year={2016},
}

@mastersthesis{my2020,
	title={Một số mô hình phân tích thành phần chính ba chiều},
	author={Nguyễn Thị Ái My},
	school={Đại Học Quy Nhơn}, 
	year={2020},
}


@book{thuan2003,
	title={Dại số tuyến tính},
	author={Nguyễn Duy Thuận and Phi Mạnh Ban and Nông Quốc Chinh},
	publisher={Nhà xuất bản Đại học Sư phạm},
	year={2003},
}

@book{tiep2018,
	title={Machine Learning cơ bản},
	author={Vũ Hữu Tiệp},
	publisher={Nhà xuất bản Khoa học và Kỹ thuật},
	year={2018},
}

@book{tri2014,
	title={Toán học cao cấp Tập II},
	author={Nguyễn Đình Trí and Tạ Văn Đĩnh and Nguyễn Hồ Quỳnh},
	publisher={Nhà xuất bản Giáo dục Việt Nam},
	year={2014},
}